@article{LI,
  title={Modeling the impact of plant toxicity on plant--herbivore dynamics},
  author={Li, Ya and Feng, Zhilan and Swihart, Robert and Bryant, John and Huntly, Nancy},
  journal={Journal of Dynamics and Differential equations},
  volume={18},
  number={4},
  pages={1021--1042},
  year={2006},
  publisher={Springer}
}

@article{FENG,
  title={Plant--herbivore interactions mediated by plant toxicity},
  author={Feng, Zhilan and Liu, Rongsong and DeAngelis, Donald L},
  journal={Theoretical Population Biology},
  volume={73},
  number={3},
  pages={449--459},
  year={2008},
  publisher={Elsevier}
}

@article{ZHILAN,
  title={Dynamics of a plant--herbivore--predator system with plant-toxicity},
  author={Feng, Zhilan and Qiu, Zhipeng and Liu, Rongsong and DeAngelis, Donald L},
  journal={Mathematical Biosciences},
  volume={229},
  number={2},
  pages={190--204},
  year={2011},
  publisher={Elsevier}
}

@article{HOLLING,
  title={The components of predation as revealed by a study of small-mammal predation of the European Pine Sawfly1},
  author={Holling, Crawford S},
  journal={The Canadian Entomologist},
  volume={91},
  number={5},
  pages={293--320},
  year={1959},
  publisher={Cambridge University Press}
}

@article{CRAWFORD,
  title={Some characteristics of simple types of predation and parasitism1},
  author={Holling, Crawford S},
  journal={The Canadian Entomologist},
  volume={91},
  number={7},
  pages={385--398},
  year={1959},
  publisher={Cambridge University Press}
}